<collection xmlns="http://www.loc.gov/MARC21/slim">
   <record>
      <leader>00957cam a2200265 a 4500</leader>
      <controlfield tag="001">6815805</controlfield>
      <controlfield tag="003">OCoLC</controlfield>
      <controlfield tag="005">20150218032042.0</controlfield>
      <controlfield tag="008">150119s2015    fr     g      000 f fre d</controlfield>
      <datafield ind1=" " ind2=" " tag="020">
         <subfield code="a">9782878586015 (pbk.)</subfield>
      </datafield>
      <datafield ind1=" " ind2=" " tag="020">
         <subfield code="a">2878586018 (pbk.)</subfield>
      </datafield>
      <datafield ind1=" " ind2=" " tag="035">
         <subfield code="a">ocn902616061</subfield>
      </datafield>
      <datafield ind1=" " ind2=" " tag="039">
         <subfield code="a">(OCoLC)902616061</subfield>
         <subfield code="f">OCLC</subfield>
      </datafield>
      <datafield ind1=" " ind2=" " tag="040">
         <subfield code="a">AUXAM</subfield>
         <subfield code="b">eng</subfield>
         <subfield code="c">AUXAM</subfield>
         <subfield code="d">OCLCO</subfield>
         <subfield code="d">TEF</subfield>
         <subfield code="d">AEU</subfield>
      </datafield>
      <datafield ind1="1" ind2="4" tag="050">
         <subfield code="a">PQ2703.O877</subfield>
         <subfield code="b">C63 2015</subfield>
      </datafield>
      <datafield ind1=" " ind2=" " tag="090">
         <subfield code="a">PQ 2703 O877 C63 2015</subfield>
         <subfield code="b">AEU</subfield>
      </datafield>
      <datafield ind1="1" ind2=" " tag="100">
         <subfield code="a">Coulon, Cécile,</subfield>
         <subfield code="d">1990-</subfield>
         <subfield code="0">http://id.loc.gov/authorities/names/no2012074050</subfield>
      </datafield>
      <datafield ind1="1" ind2="3" tag="245">
         <subfield code="a">Le cœur du pélican /</subfield>
         <subfield code="c">Cécile Coulon.</subfield>
      </datafield>
      <datafield ind1=" " ind2=" " tag="260">
         <subfield code="a">Paris :</subfield>
         <subfield code="b">Hamy,</subfield>
         <subfield code="c">c2015.</subfield>
      </datafield>
      <datafield ind1=" " ind2=" " tag="300">
         <subfield code="a">237 p. ;</subfield>
         <subfield code="c">21 cm.</subfield>
      </datafield>
      <datafield ind1=" " ind2=" " tag="596">
         <subfield code="a">43</subfield>
      </datafield>
      <datafield ind1=" " ind2=" " tag="758">
         <subfield code="0">http://worldcat.org/entity/work/id/23912954</subfield>
      </datafield>
      <datafield ind1="0" ind2=" " tag="787">
         <subfield code="n">OCLC Work Id</subfield>
         <subfield code="o">http://worldcat.org/entity/work/id/23912954</subfield>
      </datafield>
      <datafield ind1=" " ind2=" " tag="949">
         <subfield code="a">PQ 2703 O877 C63 2015</subfield>
         <subfield code="h">UAHS-B</subfield>
         <subfield code="i">0162034210987</subfield>
      </datafield>
      <datafield ind1=" " ind2=" " tag="926">
         <subfield code="a">PQ 2703 O877 C63 2015</subfield>
         <subfield code="w">LC</subfield>
         <subfield code="c">1</subfield>
         <subfield code="i">0162034210987</subfield>
         <subfield code="l">ON_SHELF</subfield>
         <subfield code="m">UAHSS</subfield>
         <subfield code="p">$150.00</subfield>
         <subfield code="r">Y</subfield>
         <subfield code="s">Y</subfield>
         <subfield code="t">BOOK</subfield>
         <subfield code="u">3/5/2015</subfield>
      </datafield>
   </record>
</collection>
